<collection xmlns="http://www.loc.gov/MARC21/slim">
   <record>
      <leader>03684cam a22004698i 4500</leader>
      <controlfield tag="001">6789989</controlfield>
      <controlfield tag="003">The World Bank</controlfield>
      <controlfield tag="005">20141217101017.0</controlfield>
      <controlfield tag="006">m     o  d        </controlfield>
      <controlfield tag="007">cr cn|||||||||</controlfield>
      <controlfield tag="008">141215s2015    dcu     ob    000 0 eng  </controlfield>
      <datafield ind1=" " ind2=" " tag="010">
         <subfield code="a">2014040581</subfield>
      </datafield>
      <datafield ind1=" " ind2=" " tag="020">
         <subfield code="a">9780821396490</subfield>
      </datafield>
      <datafield ind1=" " ind2=" " tag="020">
         <subfield code="z">9780821399576 (electronic)</subfield>
      </datafield>
      <datafield ind1=" " ind2=" " tag="035">
         <subfield code="a">ocn898334468</subfield>
      </datafield>
      <datafield ind1=" " ind2=" " tag="039">
         <subfield code="a">exclude</subfield>
      </datafield>
      <datafield ind1=" " ind2=" " tag="040">
         <subfield code="a">DLC</subfield>
         <subfield code="b">eng</subfield>
         <subfield code="c">DLC</subfield>
         <subfield code="e">rda</subfield>
         <subfield code="d">AEU</subfield>
      </datafield>
      <datafield ind1=" " ind2=" " tag="043">
         <subfield code="a">as-----</subfield>
         <subfield code="a">ae-----</subfield>
      </datafield>
      <datafield ind1="0" ind2="0" tag="050">
         <subfield code="a">JV8756.5</subfield>
         <subfield code="b">.A37 2015</subfield>
      </datafield>
      <datafield ind1="0" ind2="0" tag="082">
         <subfield code="a">338.95</subfield>
         <subfield code="2">23</subfield>
      </datafield>
      <datafield ind1=" " ind2=" " tag="090">
         <subfield code="a">Internet Access</subfield>
         <subfield code="b">AEU</subfield>
      </datafield>
      <datafield ind1="1" ind2=" " tag="100">
         <subfield code="a">Ahsan, Ahmad.</subfield>
         <subfield code="0">http://id.loc.gov/authorities/names/n88000278</subfield>
         <subfield code="0">http://viaf.org/viaf/40913669</subfield>
      </datafield>
      <datafield ind1="1" ind2="0" tag="245">
         <subfield code="a">International migration and development in East Asia and the Pacific /</subfield>
         <subfield code="c">Ahmad Ahsan, Manolo Abella, Andrew Beath, Yukon Huang, Manjula Luthria, and Trang Van Nguyen.</subfield>
      </datafield>
      <datafield ind1=" " ind2="1" tag="264">
         <subfield code="a">Washington, D.C. :</subfield>
         <subfield code="b">World Bank,</subfield>
         <subfield code="c">2015.</subfield>
      </datafield>
      <datafield ind1=" " ind2=" " tag="300">
         <subfield code="a">1 online resource.</subfield>
      </datafield>
      <datafield ind1=" " ind2=" " tag="336">
         <subfield code="a">text</subfield>
         <subfield code="2">rdacontent</subfield>
         <subfield code="0">http://id.loc.gov/vocabulary/contentTypes/txt</subfield>
      </datafield>
      <datafield ind1=" " ind2=" " tag="337">
         <subfield code="a">unmediated</subfield>
         <subfield code="2">rdamedia</subfield>
         <subfield code="0">http://id.loc.gov/vocabulary/mediaTypes/n</subfield>
      </datafield>
      <datafield ind1=" " ind2=" " tag="338">
         <subfield code="a">volume</subfield>
         <subfield code="2">rdacarrier</subfield>
         <subfield code="0">http://id.loc.gov/vocabulary/carriers/nc</subfield>
      </datafield>
      <datafield ind1=" " ind2=" " tag="504">
         <subfield code="a">Includes bibliographical references.</subfield>
      </datafield>
      <datafield ind1="0" ind2=" " tag="505">
         <subfield code="a">Overview -- Migration and its impacts -- Labor migration and economic growth in East and South-East Asia / by Terrie Walmsley, Angel Aguiar and S. Amer Ahmed -- Remittances, household investment and poverty in Indonesia / by Richard H. Adams, Jr. and Alfredo Cuecuecha -- More or less consumption? : the effect of remittances on Filipino hsehold spending behavior / by Emily C. A. Cabegin and Michael Alba -- Impacts of international migration and remittances on child outcomes and labor supply in Indonesia: how does gender matter? / by Trang Nguyen and Ririn Purnamasari -- The effects of immigration on the Thai wage structure / by Dilaka Lathapipat -- The impact of foreign labor on labor productivity and wages in Malaysian manufacturing, 2000-2006 / by Tham Siew Yean and Liew Chei Siang -- Managing migration -- Indonesia's regulatory, institutional and governance structure for international labor migration / by Ari Kuncoro, Arie Damayanti and Ifa Isfandiarni -- The Philippine labor migration industry for health and educational services : regulatory and governance structures / by Tereso S. Tullao, Jr., Mitzie I. P. Conchada and John P. R. Rivera -- Vietnam's regulatory, institutional and governance structure for international labor migration / by Nguyen Huyen Le and Daniel Mont -- Singapore's system for managing foreign manpower / by Yap Mui Teng -- The management of foreign workers in Malaysia : institutions and governance regime / By Azizah Kassim, Terence Too and Mahani Zainal Abidin -- A cost-benefit analysis of the legal status of migrant workers in Thailand / by Charamporn Holumyong and Sureeporn Punpuing.</subfield>
      </datafield>
      <datafield ind1=" " ind2=" " tag="506">
         <subfield code="a">Access restricted to authorized users and institutions.</subfield>
      </datafield>
      <datafield ind1=" " ind2=" " tag="588">
         <subfield code="a">Description based on print version record.</subfield>
      </datafield>
      <datafield ind1=" " ind2=" " tag="596">
         <subfield code="a">44</subfield>
      </datafield>
      <datafield ind1=" " ind2="0" tag="650">
         <subfield code="a">Economic development</subfield>
         <subfield code="z">East Asia.</subfield>
      </datafield>
      <datafield ind1=" " ind2="0" tag="650">
         <subfield code="a">Economic development</subfield>
         <subfield code="z">Southeast Asia.</subfield>
      </datafield>
      <datafield ind1=" " ind2="0" tag="651">
         <subfield code="a">East Asia</subfield>
         <subfield code="x">Emigration and immigration</subfield>
         <subfield code="x">Economic aspects.</subfield>
      </datafield>
      <datafield ind1=" " ind2="0" tag="651">
         <subfield code="a">Southeast Asia</subfield>
         <subfield code="x">Emigration and immigration</subfield>
         <subfield code="x">Economic aspects.</subfield>
      </datafield>
      <datafield ind1=" " ind2=" " tag="758">
         <subfield code="0">http://worldcat.org/entity/work/id/365983564</subfield>
      </datafield>
      <datafield ind1="0" ind2=" " tag="787">
         <subfield code="n">OCLC Work Id</subfield>
         <subfield code="o">http://worldcat.org/entity/work/id/365983564</subfield>
      </datafield>
      <datafield ind1="4" ind2="0" tag="856">
         <subfield code="3">University of Alberta Access</subfield>
         <subfield code="u">http://elibrary.worldbank.org/content/book/9780821396490</subfield>
         <subfield code="z">(Unlimited Concurrent Users)</subfield>
      </datafield>
      <datafield ind1=" " ind2=" " tag="949">
         <subfield code="h">UAIN</subfield>
         <subfield code="z">WLDBANK</subfield>
      </datafield>
      <datafield ind1=" " ind2=" " tag="926">
         <subfield code="a">Internet Access</subfield>
         <subfield code="w">LC</subfield>
         <subfield code="c">1</subfield>
         <subfield code="i">6789989-1001</subfield>
         <subfield code="l">INTERNET</subfield>
         <subfield code="m">UAINTERNET</subfield>
         <subfield code="r">Y</subfield>
         <subfield code="s">Y</subfield>
         <subfield code="t">E-RESOURCE</subfield>
         <subfield code="u">1/28/2015</subfield>
         <subfield code="x">E-BOOK</subfield>
         <subfield code="z">WLDBANK</subfield>
      </datafield>
   </record>
</collection>
